<?xml version="1.0" encoding="UTF-8"?><collection xmlns="http://www.loc.gov/MARC21/slim"><record><leader>00464nam--2200145-i-4500</leader><controlfield tag="001">000011871</controlfield><controlfield tag="002">20161230</controlfield><controlfield tag="005">20170222183154</controlfield><controlfield tag="008">060222s1000------------r-----000-0-eng-d</controlfield><datafield ind1=" " ind2=" " tag="100"><subfield code="a">Crehange, Marion</subfield></datafield><datafield ind1=" " ind2=" " tag="245"><subfield code="a">Description formelle, representation, interogation des informations complexes systeme pivoines</subfield><subfield code="b">these</subfield></datafield><datafield ind1=" " ind2=" " tag="260"><subfield code="a">Nancy</subfield><subfield code="b">Universite De Nancy: U.E.R.De Mathematiques</subfield><subfield code="c">1975</subfield></datafield><datafield ind1=" " ind2=" " tag="300"><subfield code="a">362 p</subfield></datafield><datafield ind1=" " ind2=" " tag="852"><subfield code="a">519.682.7(043)</subfield></datafield><datafield ind1=" " ind2=" " tag="CAT"><subfield code="a">SYS</subfield><subfield code="c">20170222</subfield><subfield code="h">183154</subfield></datafield></record></collection>